%% This is where the references are to be saved saved from org-ref in Emacs as a central library

%% Example of twitter mining 1         DONE
@inproceedings{pak2010twitterMiningEx1,
  title={Twitter as a Corpus for Sentiment Analysis and Opinion Mining.},
  author={Pak, Alexander and Paroubek, Patrick},
  booktitle={LREc},
  volume={10},
  pages={1320--1326},
  year={2010}
}

%% Example of Twitter mining 2   DONE
@inproceedings{bian2012towardsMiningEx2,
  title={Towards Large-Scale Twitter Mining for Drug-Related Adverse Events},
  author={Bian, Jiang and Topaloglu, Umit and Yu, Fan},
  booktitle={Proceedings of the 2012 international workshop on Smart health and wellbeing},
  pages={25--32},
  year={2012},
  organization={ACM}
}

%% Twitter mining example 3     DONE
@inproceedings{ediger2010massiveMiningEx3,
  title={Massive Social Network Analysis: Mining Twitter for Social Good},
  author={Ediger, David and Jiang, Kui and Riedy, Jason and Bader, David A and Corley, Courtney and Farber, Rob and Reynolds, William N},
  booktitle={Parallel Processing (ICPP), 2010 39th International Conference on},
  pages={583--593},
  year={2010},
  organization={IEEE}
}

%% Book on mining social media data in general      DONE
@book{russell2013miningSocialMediaData,
  title={Mining the Social Web: Data Mining Facebook, Twitter, LinkedIn, Google+, GitHub, and More},
  author={Russell, Matthew A},
  year={2013},
  publisher={" O'Reilly Media, Inc."}
}


%% Hamid Heiden Okhrin Google Trends
@article{hamid2015forecasting,
  title={Forecasting Volatility with Empirical Similarity and Google Trends},
  author={Hamid, Alain and Heiden, Moritz},
  journal={Journal of Economic Behavior \& Organization},
  volume={117},
  pages={62--81},
  year={2015},
  publisher={Elsevier}
}

%% Variable selection - 2 papers
@article{B_hlmann_2003,
doi = {10.1198/016214503000125},
url = {http://dx.doi.org/10.1198/016214503000125},
year = 2003,
month = {jun},
publisher = {Informa {UK} Limited},
volume = {98},
number = {462},
pages = {324--339},
author = {Peter Bühlmann and Bin Yu},
title = { Boosting with the L_2 Loss Function},
journal = {Journal of the American Statistical Association}
}

%% Variable selection paper two
@article{B_hlmann_2007,
doi = {10.1214/07-sts242rej},
url = {http://dx.doi.org/10.1214/07-sts242rej},
year = 2007,
month = {nov},
publisher = {Institute of Mathematical Statistics},
volume = {22},
number = {4},
pages = {516--522},
author = {Peter Bühlmann and Torsten Hothorn},
title = {Rejoinder: Boosting Algorithms: Regularization, Prediction and Model Fitting},
journal = {Statistical Science}
}

%% Size of nu learning rate
@article{schmid2008boosting,
  title={Boosting Additive Models Using Component-Wise P-splines},
  author={Schmid, Matthias and Hothorn, Torsten},
  journal={Computational Statistics \& Data Analysis},
  volume={53},
  number={2},
  pages={298--311},
  year={2008},
  publisher={Elsevier}
}

%% Comparison to SA, paper from Timm
@article {JOFI:JOFI1679,
author = {DA, ZHI and ENGELBERG, JOSEPH and GAO, PENGJIE},
title = {In Search of Attention},
journal = {The Journal of Finance},
volume = {66},
number = {5},
publisher = {Blackwell Publishing Inc},
issn = {1540-6261},
url = {http://dx.doi.org/10.1111/j.1540-6261.2011.01679.x},
doi = {10.1111/j.1540-6261.2011.01679.x},
pages = {1461--1499},
year = {2011},
}

%% Mboost gradient boosting family table
@Article{Hofner2012,
author="Hofner, Benjamin
and Mayr, Andreas
and Robinzonov, Nikolay
and Schmid, Matthias",
title= "Model-Based Noosting in R: a hands-on tutorial using the R package mboost",
journal="Computational Statistics",
year="2012",
volume="29",
number="1",
pages="3--35",
abstract="We provide a detailed hands-on tutorial for the R add-on package mboost. The package implements boosting for optimizing general risk functions utilizing component-wise (penalized) least squares estimates as base-learners for fitting various kinds of generalized linear and generalized additive models to potentially high-dimensional data. We give a theoretical background and demonstrate how mboost can be used to fit interpretable models of different complexity. As an example we use mboost to predict the body fat based on anthropometric measurements throughout the tutorial.",
issn="1613-9658",
doi="10.1007/s00180-012-0382-5",
url="http://dx.doi.org/10.1007/s00180-012-0382-5"
}

%% Mboost nu value 
@article{schmid2008boosting,
  title={Boosting Additive Models using Component-Wise P-splines},
  author={Schmid, Matthias and Hothorn, Torsten},
  journal={Computational Statistics \& Data Analysis},
  volume={53},
  number={2},
  pages={298--311},
  year={2008},
  publisher={Elsevier}
}

%% iFeel 
@inproceedings{Araujo:2014:ISC:2567948.2577013,
 author = {Ara\'{u}jo, Matheus and Gon\c{c}alves, Pollyanna and Cha, Meeyoung and Benevenuto, Fabr\'{\i}cio},
 title = {iFeel: A System That Compares and Combines Sentiment Analysis Methods},
 booktitle = {Proceedings of the 23rd International Conference on World Wide Web},
 series = {WWW '14 Companion},
 year = {2014},
 isbn = {978-1-4503-2745-9},
 location = {Seoul, Korea},
 pages = {75--78},
 numpages = {4},
 url = {http://doi.acm.org/10.1145/2567948.2577013},
 doi = {10.1145/2567948.2577013},
 acmid = {2577013},
 publisher = {ACM},
 address = {New York, NY, USA},
 keywords = {comparison, sentiment analysis, social media, web applications},
} 

%% Thorough treatment of sentiment analysis
@article{Liu:sentiment-analysis,
  title={Sentiment Analysis and Opinion Mining},
  author={Liu, Bing},
  journal={Synthesis lectures on human language technologies},
  volume={5},
  number={1},
  pages={1--167},
  year={2012},
  publisher={Morgan \& Claypool Publishers}
}

%% Introduction to scrapers
@article{krijnen:automated,
  title={Automated Web Scraping APIs},
  author={Krijnen, Daan and Bot, Rinus and Lampropoulos, Georgios},
    year={2014},
}

%% VADER
@inproceedings{hutto2014vader,
  title={Vader: A Parsimonious rule-Based Model for Sentiment Analysis of Social Media Text},
  author={Hutto, Clayton J and Gilbert, Eric},
  booktitle={Eighth International AAAI Conference on Weblogs and Social Media},
  year={2014}
}

%% The Afinn model data used with Vader
@InProceedings{NielsenF2011New,
  author =       {Finn Arup Nielsen}, 
  title =        {A new ANEW: Evaluation of a Word List for Sentiment Analysis in Microblogs},
  booktitle =    {Proceedings of the ESWC2011 Workshop on 'Making Sense of Microposts': Big things come in small packages},
  pages =        {93-98},
  year =         {2011},
  editor =       {Matthew Rowe and Milan Stankovic and Aba-Sah Dadzie and Mariann Hardey},
  volume =       {718},
  series =       {CEUR Workshop Proceedings},
  month =        {May},
}
 
 %% Irrational Exuberance
 @book{shiller2015irrational,
  title={Irrational Exuberance},
  author={Shiller, Robert J},
  year={2015},
  publisher={Princeton university press}
}

%% Thinking Fast and slow
@book{kahneman2011thinking,
  title={Thinking, Fast and Slow},
  author={Kahneman, Daniel},
  year={2011},
  publisher={Macmillan}
}
 
%% Early sentiment analysis model 
@inproceedings{Pang+Lee+Vaithyanathan:02a, 
  author = {Bo Pang and Lillian Lee and Shivakumar Vaithyanathan}, 
  title = {Thumbs up? Sentiment Classification Using Machine Learning Techniques}, 
  year = {2002}, 
  pages = {79--86}, 
  booktitle = {Proceedings of EMNLP} 
  } 

%% Georgetown Experiment Russian to English
@article{dostert1955georgetown,
  title={The Georgetown-IBM Experiment},
  author={Dostert, Leon E},
  journal={1955). Machine translation of languages. John Wiley \& Sons, New York},
  pages={124--135},
  year={1955}
}

%% Turing Computing machinery intelligence
@article{turing1950computing,
  title={Computing Machinery and Intelligence},
  author={Turing, Alan M},
  journal={Mind},
  volume={59},
  number={236},
  pages={433--460},
  year={1950},
  publisher={JSTOR}
}

%% Turing test - recent work on it
@Inbook{Saygin2003,
author="Saygin, Ayse Pinar
and Cicekli, Ilyas
and Akman, Varol",
editor="Moor, James H.",
chapter="Turing Test: 50 Years Later",
title="The Turing Test: The Elusive Standard of Artificial Intelligence",
year="2003",
publisher="Springer Netherlands",
address="Dordrecht",
pages="23--78",
isbn="978-94-010-0105-2",
refdoi="10.1007/978-94-010-0105-2_2",
url="http://dx.doi.org/10.1007/978-94-010-0105-2_2"
}

%% Emolex model 1
@article{Mohammad13,
	Author = {Mohammad, Saif M. and Turney, Peter D.},
	Booktitle = {Computational Intelligence},
	Number = {3},
	Pages = {436--465},
	Title = {Crowdsourcing a Word-Emotion Association Lexicon},
	Volume = {29},
	Year = {2013}
}

%% Emolex model 2
@article{DBLP:journals/corr/MohammadT13,
  author    = {Saif Mohammad and
               Peter D. Turney},
  title     = {Crowdsourcing a Word-Emotion Association Lexicon},
  journal   = {CoRR},bolle
  volume    = {abs/1308.6297},
  year      = {2013},
  url       = {http://arxiv.org/abs/1308.6297},
  timestamp = {Mon, 02 Sep 2013 07:40:16 +0200},
  biburl    = {http://dblp.uni-trier.de/rec/bib/journals/corr/MohammadT13},
  bibsource = {dblp computer science bibliography, http://dblp.org}
}

%% Plutchik emotion wheel
@article{plutchik1980general,
  title={A General Psychoevolutionary Theory of Emotion},
  author={Plutchik, Robert},
  journal={Theories of emotion},
  volume={1},
  pages={3--31},
  year={1980},
  publisher={Academic Press New York}
}

%% Sentiment140 model
@InProceedings{MohammadKZ2013,
  author    = {Mohammad, Saif and Kiritchenko, Svetlana and Zhu, Xiaodan},
  title     = {NRC-Canada: Building the State-of-the-Art in Sentiment Analysis of Tweets},
  booktitle = {Proceedings of the seventh international workshop on Semantic Evaluation Exercises (SemEval-2013)},
  month     = {June},
  year      = {2013},
  address   = {Atlanta, Georgia, USA}
}

%% Twitter predicting stock markets
@article{DBLP:journals/corr/abs-1010-3003,
  author    = {Johan Bollen and
               Huina Mao and
               Xiao{-}Jun Zeng},
  title     = {Twitter Mood Predicts the Stock Market},
  journal   = {CoRR},
  volume    = {abs/1010.3003},
  year      = {2010},
  url       = {http://arxiv.org/abs/1010.3003},
  timestamp = {Mon, 05 Dec 2011 18:03:29 +0100},
  biburl    = {http://dblp.uni-trier.de/rec/bib/journals/corr/abs-1010-3003},
  bibsource = {dblp computer science bibliography, http://dblp.org}
}

%% Wurgler - proxy predictions
@article {JOFI:JOFI885,
author = {BAKER, MALCOLM and WURGLER, JEFFREY},
title = {Investor Sentiment and the Cross-Section of Stock Returns},
journal = {The Journal of Finance},
volume = {61},
number = {4},
publisher = {Blackwell Publishing Inc},
issn = {1540-6261},
url = {http://dx.doi.org/10.1111/j.1540-6261.2006.00885.x},
doi = {10.1111/j.1540-6261.2006.00885.x},
pages = {1645--1680},
year = {2006},
}

%% SentiStrength
@article{Thelwall:2010:SSS:1890706.1890713,
 author = {Thelwall, Mike and Buckley, Kevan and Paltoglou, Georgios and Cai, Di and Kappas, Arvid},
 title = {Sentiment in Short Strength Detection Informal Text},
 journal = {J. Am. Soc. Inf. Sci. Technol.},
 issue_date = {December 2010},
 volume = {61},
 number = {12},
 month = dec,
 year = {2010},
 issn = {1532-2882},
 pages = {2544--2558},
 numpages = {15},
 url = {http://dx.doi.org/10.1002/asi.v61:12},
 doi = {10.1002/asi.v61:12},
 acmid = {1890713},
 publisher = {John Wiley \& Sons, Inc.},
 address = {New York, NY, USA},
 keywords = {affect, data mining, informal communication, machine learning, sentiment analysis},
} 

%Freund Schapire
@article{freund1996experiments,
  title={Experiments with a New Boosting Algorithm},
  author={Freund, Yoav and Schapire, Robert E and others},
  journal={ICML},
  volume={96},
  pages={148--156},
  year={1996}
}

%% Freund Schapire - several versions
@article{Freund1997119,
title = "A Decision-Theoretic Generalization of On-Line Learning and an Application to Boosting",
journal = "Journal of Computer and System Sciences ",
volume = "55",
number = "1",
pages = "119 - 139",
year = "1997",
note = "",
issn = "0022-0000",
doi = "http://dx.doi.org/10.1006/jcss.1997.1504",
url = "http://www.sciencedirect.com/science/article/pii/S002200009791504X",
author = "Yoav Freund and Robert E Schapire"
}

@article{freund1997decision,
  title={A Decision-Theoretic Generalization of On-Line Learning and an Application to Boosting},
  author={Freund, Yoav and Schapire, Robert E},
  journal={Journal of computer and system sciences},
  volume={55},
  number={1},
  pages={119--139},
  year={1997},
  publisher={Academic Press}
}

%% Jensen Efficient Markets
@article{jensen1978some,
  title={Some Anomalous Evidence Regarding Market Efficiency},
  author={Jensen, Michael C},
  journal={Journal of financial economics},
  volume={6},
  number={2/3},
  pages={95--101},
  year={1978}
}

%% Fama Efficient Markets
@article{malkiel1970efficient,
  title={Efficient Capital Markets: A Review of Theory and Empirical Work},
  author={Malkiel, Burton G and Fama, Eugene F},
  journal={The journal of Finance},
  volume={25},
  number={2},
  pages={383--417},
  year={1970},
  publisher={Wiley Online Library}
}

%% Breiman arcing the edge
@TECHREPORT{Breiman97arcingthe,
    author = {Leo Breiman},
    title = {Arcing the Edge},
    institution = {University of California, Berkeley},
    year = {1997}
}

%% Breiman arcing
@article{breiman1998arcing,
  title={Arcing Classifier (with discussion and a rejoinder by the author)},
  author={Breiman, Leo and others},
  journal={The annals of statistics},
  volume={26},
  number={3},
  pages={801--849},
  year={1998},
  publisher={Institute of Mathematical Statistics}
}

%% Breiman random forest
@article{breiman2001random,
  title={Random Forests},
  author={Breiman, Leo},
  journal={Machine learning},
  volume={45},
  number={1},
  pages={5--32},
  year={2001},
  publisher={Springer}
}

%% Gradient boosting greedy
@article{friedman2001greedy,
  title={Greedy Function Approximation: a Gradient Boosting Machine},
  author={Friedman, Jerome H},
  journal={Annals of statistics},
  pages={1189--1232},
  year={2001},
  publisher={JSTOR}
}

%% Stochastic - values found
@article{friedmanstochastic,
  title={Stochastic Gradient Boosting},
  author={Friedman, Jerome H},
  year={1999}
  journal={URL http://www-stat.stanford.edu/\~{}jhf/ftp/stobst.ps}
}



%% Friedman et al. Hastie
@article{friedman2000additive,
  title={Additive Logistic Regression: a Statistical View of Boosting (with discussion and a rejoinder by the authors)},
  author={Friedman, Jerome and Hastie, Trevor and Tibshirani, Robert and others},
  journal={The annals of statistics},
  volume={28},
  number={2},
  pages={337--407},
  year={2000},
  publisher={Institute of Mathematical Statistics}
}

%% Stochastic Gradient boosting
@article{friedman2002stochastic,
  title={Stochastic Gradient Boosting},
  author={Friedman, Jerome H},
  journal={Computational Statistics \& Data Analysis},
  volume={38},
  number={4},
  pages={367--378},
  year={2002},
  publisher={Elsevier}
}

%% Elements of statistical learning
@book{Hastie2009,
  doi = {10.1007/978-0-387-84858-7},
  url = {http://dx.doi.org/10.1007/978-0-387-84858-7},
  year  = {2009},
  publisher = {Springer New York},
  author = {Trevor Hastie and Robert Tibshirani and Jerome Friedman},
  title = {The Elements of Statistical Learning}
}
 %% Fukunaga Chapter 10 
@incollection{Fukunaga1990441,
title = "Chapter 10 - Feature Extraction and Linear Mapping for Classification",
editor = "Fukunaga, Keinosuke",
booktitle = "Introduction to Statistical Pattern Recognition (Second Edition)",
publisher = "Academic Press",
edition = "Second Edition",
address = "Boston",
year = "1990",
pages = "441 - 507",
isbn = "978-0-08-047865-4",
doi = "http://dx.doi.org/10.1016/B978-0-08-047865-4.50016-8",
url = "http://www.sciencedirect.com/science/article/pii/B9780080478654500168",
author = "Keinosuke Fukunaga"
}

%% uniased estimators risk function Pfanzagl
@book{pfanzagl1994parametric,
  title={Parametric Statistical Theory},
  author={Pfanzagl, Johann},
  year={1994},
  publisher={Walter de Gruyter}
}

%% Differential Privacy Zhang
@article{dimitrakakis2013differential,
  title={Differential Privacy in a Bayesian Setting Through Posterior Sampling},
  author={Dimitrakakis, Christos and Nelson, Blaine and Mitrokotsa, Aikaterini and Rubinstein, Benjamin},
  journal={arXiv preprint arXiv:1306.1066},
  year={2013}
}

%% FactoMinoR PCA analysis
@article{le2008factominer,
  title={FactoMineR: an R Package for Multivariate Analysis},
  author={L{\^e}, S{\'e}bastien and Josse, Julie and Husson, Fran{\c{c}}ois and others},
  journal={Journal of statistical software},
  volume={25},
  number={1},
  pages={1--18},
  year={2008},
  publisher={American Statistical Association}
}

%% choi wette gamma
@article{choi1969maximum,
  title={Maximum Likelihood Estimation of the Parameters of the Gamma Distribution and Their Bias},
  author={Choi, SC and Wette, R},
  journal={Technometrics},
  volume={11},
  number={4},
  pages={683--690},
  year={1969},
  publisher={Taylor \& Francis Group}
}

%% Theil's U 1
@article{theil1958economic_U1,
  title={Economic Forecasts and Policy},
  author={Theil, Henry},
  year={1958},
  publisher={North-Holland}
}

%% Theil's U 2
@article{theil1966applied_U2,
  title={Applied Economic Forecasting},
  author={Theil, H},
  journal={Studies in mathematical and managerial economics (},
  volume={4},
  year={1966},
  publisher={Amsterdam:[sn]}
}

%% Monday blues stocks
@article{gondhalekar2003blue,
  title={The Blue-Monday Hypothesis: Evidence Based on Nasdaq Stocks, 1971-2000},
  author={Gondhalekar, Vijay and Mehdian, Seyed},
  journal={Quarterly Journal of Business and Economics},
  pages={73--89},
  year={2003},
  publisher={JSTOR}
}

%% Winter blues
@article{kamstra2003winter,
  title={Winter blues: A SAD Stock Market Cycle},
  author={Kamstra, Mark J and Kramer, Lisa A and Levi, Maurice D},
  journal={The American Economic Review},
  volume={93},
  number={1},
  pages={324--343},
  year={2003},
  publisher={JSTOR}
}

%% Mandelbrot MMAR 1
@article{mandelbrot1997multifractal,
  title={A Multifractal Model of Asset Returns},
  author={Mandelbrot, Benoit B and Fisher, Adlai J and Calvet, Laurent E},
  year={1997},
  publisher={Cowles Foundation discussion paper}
}

%% Mandelbrot MMAR 2
@article{calvet1997large,
  title={Large Deviations and the Distribution of Price Changes},
  author={Calvet, Laurent E and Fisher, Adlai J and Mandelbrot, Benoit B},
  year={1997},
  publisher={Cowles Foundation discussion paper}
}

%% Mandelbrot MMAR 3
@article{fisher1997multifractality,
  title={Multifractality of Deutschemark/US Dollar Exchange Rates},
  author={Fisher, Adlai J and Calvet, Laurent E and Mandelbrot, Benoit B},
  year={1997},
  publisher={Cowles Foundation discussion paper}
}

%% Hyndman forecasting
@book{hyndman2014forecasting,
  title={Forecasting: Principles and Practice},
  author={Hyndman, Rob J and Athanasopoulos, George},
  year={2014},
  publisher={OTexts}
}

%% ROC curve
@article{bradley1997use,
  title={The use of the area under the ROC curve in the evaluation of machine learning algorithms},
  author={Bradley, Andrew P},
  journal={Pattern recognition},
  volume={30},
  number={7},
  pages={1145--1159},
  year={1997},
  publisher={Elsevier}
}
