@book{Schwartz.2009,
 author = {Schwartz, A. J. and Mukul, K. and Adams, B. L. and Field, D. P.},
 year = {2009},
 title = {{E}lectron backscatter diffraction in materials science},
 address = {New York and NY},
 edition = {2},
 publisher = {Springer Science+Business Media},
 isbn = {0387881360}
}


@book{Hornbogen.2006,
 author = {Hornbogen, Erhard and Warlimont, Hans},
 year = {2006},
 title = {{M}etalle: {S}truktur und {E}igenschaften der {M}etalle und {L}egierungen},
 address = {Berlin [u.a.]},
 edition = {5},
 publisher = {Springer},
 isbn = {3540340106}
}


@article{Bohlke.2010,
 author = {B{\"o}hlke, T. and J{\"o}chen, K. and Kraft, O. and L{\"o}he, D. and Schulze, V.},
 year = {2010},
 title = {{E}lastic properties of polycrystalline microcomponents},
 pages = {11--23},
 volume = {42},
 number = {1},
 journal = {Mechanics of Materials}
}


@book{Horn.2010,
 author = {Horn, Roger A. and Johnson, Charles R.},
 year = {2010},
 title = {{M}atrix analysis},
 address = {Cambridge [u.a.]},
 edition = {23},
 publisher = {Cambridge Univ. Press},
 isbn = {9780521386326}
}


@article{Fullwood.2010,
 author = {Fullwood, D. T. and Niezgoda, S. R. and Adams, B. L. and Kalidindi, S. R.},
 year = {2010},
 title = {{M}icrostructure sensitive design for performance optimization},
 pages = {477--562},
 volume = {55},
 number = {6},
 journal = {Progress in Materials Science},
 url = {http://www.sciencedirect.com/science/article/pii/S0079642509000760}
}


@article{Adams.2004,
 author = {Adams, B. L. and Lyon, M. and Henrie, B.},
 year = {2004},
 title = {{M}icrostructures by design: linear problems in elastic--plastic design},
 pages = {1577--1602},
 volume = {20},
 journal = {International Journal of Plasticity}
}


@article{Cowin.1989,
 author = {Cowin, S. C.},
 year = {1989},
 title = {{P}roperties of the anisotropic elasticity tensor},
 pages = {249--266},
 volume = {42},
 number = {2},
 journal = {The Quarterly Journal of Mechanics and Applied Mathematics}
}


@book{Fedorov.1968,
 author = {Fedorov, F. I.},
 year = {1968},
 title = {{T}heory of elastic waves in crystals},
 publisher = {Plenum Press},
 url = {http://books.google.de/books?id=FepEAAAAIAAJ}
}


@article{Forte.1996,
 author = {Forte, S. and Vianello, M.},
 year = {1996},
 title = {{S}ymmetry classes for elasticity tensors},
 pages = {81--108},
 volume = {43},
 number = {2},
 journal = {Journal of Elasticity}
}


@book{Torquato.2002,
 author = {Torquato, S.},
 year = {2002},
 title = {{R}andom heterogeneous materials: {M}icrostructure and macroscopic properties},
 address = {New York},
 publisher = {Springer},
 isbn = {9780387951676},
 abstract = {{\dq}This volume will be of particular interest to graduate students and researchers in applied mathematics, physics, chemistry, materials sciences, engineering, geophysics, and biology. Moreover, the book is self-contained and approachable by the nonspecialist.{\dq}--BOOK JACKET.}
}


@article{Adams.2002,
 author = {Adams, B. L. and Lyon, M. and Henrie, B. L. and Kalidindi, Surya R. and Garmestani, Hamid},
 year = {2002},
 title = {{S}pectral {I}ntegration of {M}icrostructure and {D}esign},
 pages = {487--492},
 volume = {408-412},
 journal = {Materials Science Forum}
}


