%% This is where the references are to be saved saved from org-ref in Emacs as a central library

%% Variable selection - 2 papers
@article{B_hlmann_2003,
doi = {10.1198/016214503000125},
url = {http://dx.doi.org/10.1198/016214503000125},
year = 2003,
month = {jun},
publisher = {Informa {UK} Limited},
volume = {98},
number = {462},
pages = {324--339},
author = {Peter Bühlmann and Bin Yu},
title = { Boosting With the L 2 Loss },
journal = {Journal of the American Statistical Association}
}

%% Variable selection paper two
@article{B_hlmann_2007,
doi = {10.1214/07-sts242rej},
url = {http://dx.doi.org/10.1214/07-sts242rej},
year = 2007,
month = {nov},
publisher = {Institute of Mathematical Statistics},
volume = {22},
number = {4},
pages = {516--522},
author = {Peter Bühlmann and Torsten Hothorn},
title = {Rejoinder: Boosting Algorithms: Regularization, Prediction and Model Fitting},
journal = {Statistical Science}
}

%% Size of nu learning rate
@article{schmid2008boosting,
  title={Boosting additive models using component-wise P-splines},
  author={Schmid, Matthias and Hothorn, Torsten},
  journal={Computational Statistics \& Data Analysis},
  volume={53},
  number={2},
  pages={298--311},
  year={2008},
  publisher={Elsevier}
}

%% Comparison to SA, paper from Timm
@article {JOFI:JOFI1679,
author = {DA, ZHI and ENGELBERG, JOSEPH and GAO, PENGJIE},
title = {In Search of Attention},
journal = {The Journal of Finance},
volume = {66},
number = {5},
publisher = {Blackwell Publishing Inc},
issn = {1540-6261},
url = {http://dx.doi.org/10.1111/j.1540-6261.2011.01679.x},
doi = {10.1111/j.1540-6261.2011.01679.x},
pages = {1461--1499},
year = {2011},
}

%% Mboost gradient boosting family table
@Article{Hofner2012,
author="Hofner, Benjamin
and Mayr, Andreas
and Robinzonov, Nikolay
and Schmid, Matthias",
title="Model-based boosting in R: a hands-on tutorial using the R package mboost",
journal="Computational Statistics",
year="2012",
volume="29",
number="1",
pages="3--35",
abstract="We provide a detailed hands-on tutorial for the R add-on package mboost. The package implements boosting for optimizing general risk functions utilizing component-wise (penalized) least squares estimates as base-learners for fitting various kinds of generalized linear and generalized additive models to potentially high-dimensional data. We give a theoretical background and demonstrate how mboost can be used to fit interpretable models of different complexity. As an example we use mboost to predict the body fat based on anthropometric measurements throughout the tutorial.",
issn="1613-9658",
doi="10.1007/s00180-012-0382-5",
url="http://dx.doi.org/10.1007/s00180-012-0382-5"
}

%% Mboost nu value 
@article{schmid2008boosting,
  title={Boosting additive models using component-wise P-splines},
  author={Schmid, Matthias and Hothorn, Torsten},
  journal={Computational Statistics \& Data Analysis},
  volume={53},
  number={2},
  pages={298--311},
  year={2008},
  publisher={Elsevier}
}

%% iFeel 
@inproceedings{Araujo:2014:ISC:2567948.2577013,
 author = {Ara\'{u}jo, Matheus and Gon\c{c}alves, Pollyanna and Cha, Meeyoung and Benevenuto, Fabr\'{\i}cio},
 title = {iFeel: A System That Compares and Combines Sentiment Analysis Methods},
 booktitle = {Proceedings of the 23rd International Conference on World Wide Web},
 series = {WWW '14 Companion},
 year = {2014},
 isbn = {978-1-4503-2745-9},
 location = {Seoul, Korea},
 pages = {75--78},
 numpages = {4},
 url = {http://doi.acm.org/10.1145/2567948.2577013},
 doi = {10.1145/2567948.2577013},
 acmid = {2577013},
 publisher = {ACM},
 address = {New York, NY, USA},
 keywords = {comparison, sentiment analysis, social media, web applications},
} 

%% Thorough treatment of sentiment analysis
@article{Liu:sentiment-analysis,
  title={Sentiment Analysis and Opinion Mining},
  author={Liu, Bing},
  journal={Synthesis lectures on human language technologies},
  volume={5},
  number={1},
  pages={1--167},
  year={2012},
  publisher={Morgan \& Claypool Publishers}
}

%% Introduction to scrapers
@article{krijnen:automated,
  title={Automated Web Scraping APIs},
  author={Krijnen, Daan and Bot, Rinus and Lampropoulos, Georgios}
    year={2014},
}

%% The Afinn model data used with Vader
@InProceedings{NielsenF2011New,
  author =       {Finn Årup Nielsen}, 
  title =        {A new ANEW: evaluation of a word list for sentiment analysis in microblogs},
  booktitle =    {Proceedings of the ESWC2011 Workshop on 'Making Sense of Microposts': Big things come in small packages},
  pages =        {93-98},
  year =         {2011},
  editor =       {Matthew Rowe and Milan Stankovic and Aba-Sah Dadzie and Mariann Hardey},
  volume =       {718},
  series =       {CEUR Workshop Proceedings},
  month =        {May},
}
 
 %% Irrational Exuberance
 @book{shiller2015irrational,
  title={Irrational exuberance},
  author={Shiller, Robert J},
  year={2015},
  publisher={Princeton university press}
}

%% Thinking Fast and slow
@book{kahneman2011thinking,
  title={Thinking, fast and slow},
  author={Kahneman, Daniel},
  year={2011},
  publisher={Macmillan}
}
 
%% Early sentiment analysis model 
@inproceedings{Pang+Lee+Vaithyanathan:02a, 
  author = {Bo Pang and Lillian Lee and Shivakumar Vaithyanathan}, 
  title = {Thumbs up? Sentiment classification using machine learning techniques}, 
  year = {2002}, 
  pages = {79--86}, 
  booktitle = {Proceedings of EMNLP} 
  } 

%% Georgetown Experiment Russian to English
@article{dostert1955georgetown,
  title={The georgetown-ibm experiment},
  author={Dostert, Leon E},
  journal={1955). Machine translation of languages. John Wiley \& Sons, New York},
  pages={124--135},
  year={1955}
}

%% Turing Computing machinery intelligence
@article{turing1950computing,
  title={Computing machinery and intelligence},
  author={Turing, Alan M},
  journal={Mind},
  volume={59},
  number={236},
  pages={433--460},
  year={1950},
  publisher={JSTOR}
}

%% Emolex model 1
@article{Mohammad13,
	Author = {Mohammad, Saif M. and Turney, Peter D.},
	Booktitle = {Computational Intelligence},
	Number = {3},
	Pages = {436--465},
	Title = {Crowdsourcing a Word-Emotion Association Lexicon},
	Volume = {29},
	Year = {2013}
}

%% Emolex model 2
@article{DBLP:journals/corr/MohammadT13,
  author    = {Saif Mohammad and
               Peter D. Turney},
  title     = {Crowdsourcing a Word-Emotion Association Lexicon},
  journal   = {CoRR},bolle
  volume    = {abs/1308.6297},
  year      = {2013},
  url       = {http://arxiv.org/abs/1308.6297},
  timestamp = {Mon, 02 Sep 2013 07:40:16 +0200},
  biburl    = {http://dblp.uni-trier.de/rec/bib/journals/corr/MohammadT13},
  bibsource = {dblp computer science bibliography, http://dblp.org}
}

%% Plutchik emotion wheel
@article{plutchik1980general,
  title={A general psychoevolutionary theory of emotion},
  author={Plutchik, Robert},
  journal={Theories of emotion},
  volume={1},
  pages={3--31},
  year={1980},
  publisher={Academic Press New York}
}

%% Sentiment140 model
@InProceedings{MohammadKZ2013,
  author    = {Mohammad, Saif and Kiritchenko, Svetlana and Zhu, Xiaodan},
  title     = {NRC-Canada: Building the State-of-the-Art in Sentiment Analysis of Tweets},
  booktitle = {Proceedings of the seventh international workshop on Semantic Evaluation Exercises (SemEval-2013)},
  month     = {June},
  year      = {2013},
  address   = {Atlanta, Georgia, USA}
}

%% Twitter predicting stock markets
@article{DBLP:journals/corr/abs-1010-3003,
  author    = {Johan Bollen and
               Huina Mao and
               Xiao{-}Jun Zeng},
  title     = {Twitter mood predicts the stock market},
  journal   = {CoRR},
  volume    = {abs/1010.3003},
  year      = {2010},
  url       = {http://arxiv.org/abs/1010.3003},
  timestamp = {Mon, 05 Dec 2011 18:03:29 +0100},
  biburl    = {http://dblp.uni-trier.de/rec/bib/journals/corr/abs-1010-3003},
  bibsource = {dblp computer science bibliography, http://dblp.org}
}

%% Wurgler - proxy predictions
@article {JOFI:JOFI885,
author = {BAKER, MALCOLM and WURGLER, JEFFREY},
title = {Investor Sentiment and the Cross-Section of Stock Returns},
journal = {The Journal of Finance},
volume = {61},
number = {4},
publisher = {Blackwell Publishing Inc},
issn = {1540-6261},
url = {http://dx.doi.org/10.1111/j.1540-6261.2006.00885.x},
doi = {10.1111/j.1540-6261.2006.00885.x},
pages = {1645--1680},
year = {2006},
}

%% SentiStrength
@article{Thelwall:2010:SSS:1890706.1890713,
 author = {Thelwall, Mike and Buckley, Kevan and Paltoglou, Georgios and Cai, Di and Kappas, Arvid},
 title = {Sentiment in Short Strength Detection Informal Text},
 journal = {J. Am. Soc. Inf. Sci. Technol.},
 issue_date = {December 2010},
 volume = {61},
 number = {12},
 month = dec,
 year = {2010},
 issn = {1532-2882},
 pages = {2544--2558},
 numpages = {15},
 url = {http://dx.doi.org/10.1002/asi.v61:12},
 doi = {10.1002/asi.v61:12},
 acmid = {1890713},
 publisher = {John Wiley \& Sons, Inc.},
 address = {New York, NY, USA},
 keywords = {affect, data mining, informal communication, machine learning, sentiment analysis},
} 

%Freund Schapire
@article{freund1996experiments,
  title={Experiments with a new boosting algorithm},
  author={Freund, Yoav and Schapire, Robert E and others},
  journal={ICML},
  volume={96},
  pages={148--156},
  year={1996}
}

%% Freund Schapire - several versions
@article{Freund1997119,
title = "A Decision-Theoretic Generalization of On-Line Learning and an Application to Boosting ",
journal = "Journal of Computer and System Sciences ",
volume = "55",
number = "1",
pages = "119 - 139",
year = "1997",
note = "",
issn = "0022-0000",
doi = "http://dx.doi.org/10.1006/jcss.1997.1504",
url = "http://www.sciencedirect.com/science/article/pii/S002200009791504X",
author = "Yoav Freund and Robert E Schapire"
}

@article{freund1997decision,
  title={A decision-theoretic generalization of on-line learning and an application to boosting},
  author={Freund, Yoav and Schapire, Robert E},
  journal={Journal of computer and system sciences},
  volume={55},
  number={1},
  pages={119--139},
  year={1997},
  publisher={Academic Press}
}

%%Freund Schapire
@incollection{freund1995desicion,
  title={A desicion-theoretic generalization of on-line learning and an application to boosting},
  author={Freund, Yoav and Schapire, Robert E},
  booktitle={Computational learning theory},
  pages={23--37},
  year=1995,
  publisher={Springer Berlin Heidelberg}
}

%% Jensen Efficient Markets
@article{jensen1978some,
  title={Some anomalous evidence regarding market efficiency},
  author={Jensen, Michael C},
  journal={Journal of financial economics},
  volume={6},
  number={2/3},
  pages={95--101},
  year={1978}
}

%% Fama Efficient Markets
@article{malkiel1970efficient,
  title={Efficient capital markets: A review of theory and empirical work},
  author={Malkiel, Burton G and Fama, Eugene F},
  journal={The journal of Finance},
  volume={25},
  number={2},
  pages={383--417},
  year={1970},
  publisher={Wiley Online Library}
}

%% Breiman arcing the edge
@TECHREPORT{Breiman97arcingthe,
    author = {Leo Breiman},
    title = {Arcing the edge},
    institution = {University of California, Berkeley},
    year = {1997}
}

%% Gradient boosting greedy
@article{friedman2001greedy,
  title={Greedy function approximation: a gradient boosting machine},
  author={Friedman, Jerome H},
  journal={Annals of statistics},
  pages={1189--1232},
  year={2001},
  publisher={JSTOR}
}

%% Friedman et al. Hastie
@article{friedman2000additive,
  title={Additive logistic regression: a statistical view of boosting (with discussion and a rejoinder by the authors)},
  author={Friedman, Jerome and Hastie, Trevor and Tibshirani, Robert and others},
  journal={The annals of statistics},
  volume={28},
  number={2},
  pages={337--407},
  year={2000},
  publisher={Institute of Mathematical Statistics}
}

%% Stochastic Gradient boosting
@article{friedman2002stochastic,
  title={Stochastic gradient boosting},
  author={Friedman, Jerome H},
  journal={Computational Statistics \& Data Analysis},
  volume={38},
  number={4},
  pages={367--378},
  year={2002},
  publisher={Elsevier}
}

%% Elements of statistical learning
@book{Hastie2009,
  doi = {10.1007/978-0-387-84858-7},
  url = {http://dx.doi.org/10.1007/978-0-387-84858-7},
  year  = {2009},
  publisher = {Springer New York},
  author = {Trevor Hastie and Robert Tibshirani and Jerome Friedman},
  title = {The Elements of Statistical Learning}
}
 %% Fukunaga Chapter 10 
@incollection{Fukunaga1990441,
title = "Chapter 10 - \{FEATURE\} \{EXTRACTION\} \{AND\} \{LINEAR\} \{MAPPING\} \{FOR\} \{CLASSIFICATION\} ",
editor = "Fukunaga, Keinosuke ",
booktitle = "Introduction to Statistical Pattern Recognition (Second Edition) ",
publisher = "Academic Press",
edition = "Second Edition",
address = "Boston",
year = "1990",
pages = "441 - 507",
isbn = "978-0-08-047865-4",
doi = "http://dx.doi.org/10.1016/B978-0-08-047865-4.50016-8",
url = "http://www.sciencedirect.com/science/article/pii/B9780080478654500168",
author = "Keinosuke Fukunaga"
}

%% uniased estimators risk function Pfanzagl
@book{pfanzagl1994parametric,
  title={Parametric statistical theory},
  author={Pfanzagl, Johann},
  year={1994},
  publisher={Walter de Gruyter}
}

%% Differential Privacy Zhang
@article{dimitrakakis2013differential,
  title={Differential privacy in a Bayesian setting through posterior sampling},
  author={Dimitrakakis, Christos and Nelson, Blaine and Mitrokotsa, Aikaterini and Rubinstein, Benjamin},
  journal={arXiv preprint arXiv:1306.1066},
  year={2013}
}

%% FactoMinoR PCA analysis
@article{le2008factominer,
  title={FactoMineR: an R package for multivariate analysis},
  author={L{\^e}, S{\'e}bastien and Josse, Julie and Husson, Fran{\c{c}}ois and others},
  journal={Journal of statistical software},
  volume={25},
  number={1},
  pages={1--18},
  year={2008},
  publisher={American Statistical Association}
}

%% choi wette gamma
@article{choi1969maximum,
  title={Maximum likelihood estimation of the parameters of the gamma distribution and their bias},
  author={Choi, SC and Wette, R},
  journal={Technometrics},
  volume={11},
  number={4},
  pages={683--690},
  year={1969},
  publisher={Taylor \& Francis Group}
}

%% Theil's U 1
@article{theil1958economic_U1,
  title={Economic forecasts and policy},
  author={Theil, Henry},
  year={1958},
  publisher={North-Holland}
}

%% Theil's U 2
@article{theil1966applied_U2,
  title={Applied economic forecasting},
  author={Theil, H},
  journal={Studies in mathematical and managerial economics (},
  volume={4},
  year={1966},
  publisher={Amsterdam:[sn]}
}

